[gd_scene load_steps=7 format=2]

[ext_resource path="res://Control.gd" type="Script" id=1]
[ext_resource path="res://Font/bloodlust.ttf" type="DynamicFontData" id=2]
[ext_resource path="res://Assets/Pixel Dungeon Assets/watabou pixel dungeon graphics/watabou pixel dungeon graphics/items.png" type="Texture" id=3]
[ext_resource path="res://Assets/Musica/Game Over.wav" type="AudioStream" id=4]

[sub_resource type="DynamicFont" id=1]
size = 150
font_data = ExtResource( 2 )

[sub_resource type="DynamicFont" id=2]
size = 100
font_data = ExtResource( 2 )

[node name="Control" type="Control"]
anchor_right = 1.0
anchor_bottom = 1.0
script = ExtResource( 1 )

[node name="ColorRect" type="ColorRect" parent="."]
anchor_right = 1.0
anchor_bottom = 1.0
margin_right = -2.0
margin_bottom = -1.0
color = Color( 0, 0, 0, 1 )

[node name="Label" type="Label" parent="ColorRect"]
anchor_left = 0.5
anchor_right = 0.5
margin_left = -271.871
margin_top = 151.728
margin_right = 278.129
margin_bottom = 336.728
custom_fonts/font = SubResource( 1 )
custom_colors/font_color = Color( 1, 0, 0, 1 )
text = "Estás Muerto"

[node name="Label2" type="Label" parent="ColorRect"]
anchor_left = 0.5
anchor_right = 0.5
margin_left = -258.646
margin_top = 515.847
margin_right = 271.354
margin_bottom = 629.847
custom_fonts/font = SubResource( 2 )
custom_colors/font_color = Color( 1, 0, 0, 1 )
text = "Volver a intentar?"

[node name="Control" type="Control" parent="ColorRect"]
anchor_left = 0.5
anchor_right = 0.5
margin_left = -271.871
margin_top = 151.728
margin_right = -231.871
margin_bottom = 191.728

[node name="Menu" type="Sprite" parent="ColorRect/Control"]
position = Vector2( 425.361, 551.537 )
scale = Vector2( 9.94656, 10.082 )
texture = ExtResource( 3 )
vframes = 16
hframes = 8
frame = 13

[node name="ToolButton" type="ToolButton" parent="ColorRect/Control/Menu"]
margin_left = -8.0
margin_top = -10.0
margin_right = 8.0
margin_bottom = 12.0

[node name="Continue" type="Sprite" parent="ColorRect/Control"]
position = Vector2( 120.097, 544.824 )
scale = Vector2( 9.24009, 10.6338 )
texture = ExtResource( 3 )
vframes = 16
hframes = 8
frame = 11

[node name="ToolButton" type="ToolButton" parent="ColorRect/Control/Continue"]
margin_left = -12.0
margin_top = -9.0
margin_right = 11.0
margin_bottom = 13.0

[node name="AudioStreamPlayer" type="AudioStreamPlayer" parent="."]
stream = ExtResource( 4 )
autoplay = true
[connection signal="pressed" from="ColorRect/Control/Menu/ToolButton" to="." method="_on_ToolButton_pressed2"]
[connection signal="pressed" from="ColorRect/Control/Continue/ToolButton" to="." method="_on_ToolButton_pressed"]
