[gd_scene load_steps=6 format=2]

[ext_resource path="res://Scenes/Items/Destrolibur.gd" type="Script" id=1]
[ext_resource path="res://Assets/Pixel Dungeon Assets/watabou pixel dungeon graphics/watabou pixel dungeon graphics/items.png" type="Texture" id=2]
[ext_resource path="res://Scenes/UI/ItemInfoControl.tscn" type="PackedScene" id=3]

[sub_resource type="RectangleShape2D" id=1]
extents = Vector2( 7, 7 )

[sub_resource type="RectangleShape2D" id=2]
extents = Vector2( 24, 24 )

[node name="Destrolibur" type="Node2D" groups=[
"Item",
]]
position = Vector2( -8, 24 )
script = ExtResource( 1 )

[node name="Sprite" type="Sprite" parent="."]
texture = ExtResource( 2 )
vframes = 16
hframes = 8
frame = 23

[node name="Area2D" type="Area2D" parent="."]
editor/display_folded = true

[node name="CollisionShape2D" type="CollisionShape2D" parent="Area2D"]
shape = SubResource( 1 )

[node name="Area2DItemInfo" type="Area2D" parent="."]

[node name="CollisionShape2D" type="CollisionShape2D" parent="Area2DItemInfo"]
shape = SubResource( 2 )

[node name="ItemInfoControl" parent="." instance=ExtResource( 3 )]
position = Vector2( -25, -22 )
scale = Vector2( 0.4, 0.4 )
[connection signal="body_entered" from="Area2D" to="." method="_on_Area2D_body_entered"]
[connection signal="body_entered" from="Area2DItemInfo" to="." method="_on_Area2DItemInfo_body_entered"]
[connection signal="body_exited" from="Area2DItemInfo" to="." method="_on_Area2DItemInfo_body_exited"]
